@webpage{
  datasetOrigin,
  title={Mammographic Mass Data Set},
  Url={https://archive.ics.uci.edu/ml/datasets/Mammographic Mass},
  journal={UCI Machine Learning Repository: Mammographic Mass Data Set},
  author={Elter, Matthias}, year={2007}
}

@misc{
    researchPaper,
    title={The prediction of breast cancer biopsy outcomes using two CAD approaches that both emphasize an intelligible decision process},
    url={https://www.researchgate.net/publication/5776853_The_prediction_of_breast_cancer_biopsy_outcomes_using_two_CAD_approaches_that_both_emphasize_an_intelligible_decision_process},
    journal={The prediction of breast cancer biopsy outcomes using two CAD approaches that both emphasize an intelligible decision process},
    publisher={Research Gate},
    year={2007}
}